<record><leader>00000cas a22000007a 4500</leader><controlfield tag="001">11994935</controlfield><controlfield tag="008">850503d18651955wiuwr ne      0    0eng d</controlfield><datafield ind1=" " ind2=" " tag="010"><subfield code="a">sn 85040451 </subfield></datafield><datafield ind1=" " ind2=" " tag="040"><subfield code="a">NPV</subfield><subfield code="b">eng</subfield><subfield code="c">NPV</subfield><subfield code="d">OCLCQ</subfield></datafield><datafield ind1=" " ind2=" " tag="042"><subfield code="a">msc</subfield></datafield><datafield ind1=" " ind2=" " tag="045"><subfield code="a">w6x5</subfield></datafield><datafield ind1=" " ind2=" " tag="052"><subfield code="a">4123</subfield><subfield code="b">V4</subfield></datafield><datafield ind1="0" ind2="0" tag="245"><subfield code="a">Vernon County censor.</subfield></datafield><datafield ind1="1" ind2="3" tag="246"><subfield code="a">Censor</subfield></datafield><datafield ind1=" " ind2=" " tag="260"><subfield code="a">Viroqua, Wis. :</subfield><subfield code="b">[s.n.],</subfield><subfield code="c">1865-1955.</subfield></datafield><datafield ind1=" " ind2=" " tag="300"><subfield code="a">90 v. :</subfield><subfield code="b">ill.</subfield></datafield><datafield ind1=" " ind2=" " tag="310"><subfield code="a">Weekly</subfield></datafield><datafield ind1="0" ind2=" " tag="362"><subfield code="a">Vol. 10, no. 34 (Aug. 23, 1865)-v. 99, no. 44 (Nov. 3, 1955).</subfield></datafield><datafield ind1=" " ind2=" " tag="500"><subfield code="a">Publisher varies.</subfield></datafield><datafield ind1=" " ind2=" " tag="500"><subfield code="a">Editors: D.B. Priest, Aug. 23, 1865-May 12, 1869; W. Nelson, May 19, 1869-April 28, 1875; H. Casson, Jan. 17, 1877-Oct. 21, 1885; O.G. Munson, Oct. 28, 1885-Jan. 7, 1920; H.E. Goldsmith, Dec. 21, 1921-June 29, 1950; G.A. &amp; M.S. Hough, July 6, 1950-Nov. 3, 1955.</subfield></datafield><datafield ind1=" " ind2=" " tag="525"><subfield code="a">Supplements accompany some issues.</subfield></datafield><datafield ind1=" " ind2=" " tag="530"><subfield code="a">Available on microfilm from The State Historical Society of Wisconsin.</subfield></datafield><datafield ind1=" " ind2=" " tag="752"><subfield code="a">United States</subfield><subfield code="b">Wisconsin</subfield><subfield code="c">Vernon</subfield><subfield code="d">Viroqua.</subfield></datafield><datafield ind1="0" ind2="0" tag="780"><subfield code="t">North western times</subfield><subfield code="w">(DLC)sn 85033285</subfield></datafield><datafield ind1="0" ind2="7" tag="785"><subfield code="t">Vernon County broadcaster</subfield><subfield code="w">(DLC)sn 85040696</subfield></datafield><datafield ind1="0" ind2="7" tag="785"><subfield code="t">Vernon County broadcaster and Vernon County censor</subfield><subfield code="w">(DLC)sn 85040697</subfield></datafield><datafield ind1="1" ind2=" " tag="029"><subfield code="a">AU@</subfield><subfield code="b">000025800960</subfield></datafield></record>